@misc{timer:2012,
    title = "Easily measure elapsed time",
    author = "Nikos Athanasiou",
    year = "2014",
    month = "February",
    note = "Last modified at Jan 2022",
    url = "https://stackoverflow.com/a/21995693"
}

@misc{print_vector:2012,
    title = "How do I print out the contents of a vector?",
    author = "Zorawar",
    year = "2012",
    month = "May",
    note = "Last modified at May 2022",
    url = "https://stackoverflow.com/a/10758845"
}

@misc{string_format:2014,
    title = "std::string formatting like sprintf",
    author = "iFreilicht",
    year = "2014",
    month = "October",
    note = "Last modified at March 2022",
    url = "https://stackoverflow.com/a/26221725"
}

@misc{std_format:cpp20,
    title = "formatting library and std::format",
    author = "cppreference.com",
    year = "2022",
    url = "https://en.cppreference.com/w/cpp/utility/format/format"
}

@misc{std_steady_clock:2022,
    title = "std::chrono::steady\_clock",
    author = "cppreference.com",
    year = "2022",
    url = "https://en.cppreference.com/w/cpp/chrono/steady\_clock"
}

@misc{std_format:2022,
    title = "Can't use std::format in c++20",
    author = "eerorika",
    year = "2022",
    month = "April",
    url = "https://stackoverflow.com/a/71778006"
}

@article{psrs:1993,
    title = {On the Versatility of Parallel Sorting by Regular Sampling},
    author = {Xiaobo Li and Paul Lu and Jonathan Schaeffer and John Shillington and Pok Sze Wong and Hanmao Shi},
    journal = {Parallel Comput.},
    year = {1993},
    volume = {19},
    pages = {1079-1103}
}

@misc{pthread,
    title = {pthreads},
    author = {wikipidia},
    url = {https://en.wikipedia.org/wiki/Pthreads},
    year = {2022}
}

@misc{heterogeneous,
    title = {Heterogeneous Computing},
    author = {wikipidia},
    url = {https://en.wikipedia.org/wiki/Heterogeneous\_computing},
    year = {2022},
    month = {September}
}
